3756 5622
448 583 486 658 Il
498 583 738 658 Barbarossa
753 578 978 674 ecArnaldo
994 581 1044 657 da
1061 582 1219 658 Brescia
1358 584 1378 660 5
1448 606 1450 610 ·

443 837 562 902 Corpora
576 834 662 885 multa
678 833 764 884 virum
776 833 879 900 passim
894 834 1027 886 ceduntur
1043 834 1182 900 utrinque,

440 919 681 991 Quadrupedesque
696 918 797 972 cadunt
807 919 928 986 perfossi
937 924 1052 986 pectora
1067 920 1154 972 multi.
1166 957 1172 972 .
1185 959 1191 974 .
1203 921 1243 987 (1)

293 1055 321 1119 Ε
344 1053 367 1117 il
388 1066 498 1118 nostro
519 1066 640 1130 autore,
660 1036 693 1116 se
712 1071 778 1116 non
795 1053 920 1116 tedesco
938 1052 1033 1116 anch’
1041 1073 1109 1116 esso
1128 1073 1220 1118 come
1238 1053 1322 1118 colui
1341 1054 1383 1120 da

293 1159 458 1243 Frisinga,
482 1159 517 1222 fu
538 1171 733 1222 certamente
749 1176 818 1220 esso
835 1175 916 1240 pure
931 1144 978 1220 tin
997 1157 1208 1242 imperialista
1228 1177 1245 1222 e
1261 1159 1310 1223 de’
1324 1161 1382 1244 piu

293 1263 388 1326 caldi.
421 1261 542 1326 Scrisse
568 1275 682 1346 questo
709 1280 824 1346 poema
852 1280 908 1344 per
937 1259 1097 1324 celebrare
1125 1261 1155 1324 le
1183 1261 1321 1346 imprese
1348 1264 1382 1328 di

297 1367 468 1441 Federic0,

438 1517 545 1584 Magna
560 1516 665 1585 quidem
681 1529 771 1568 moveo
786 1515 834 1568 sed
849 1528 899 1582 que
915 1520 977 1566 sunt
988 1513 1111 1582 priucipe
1127 1514 1210 1582 digna
1216 1531 1226 1580 ς
1237 1516 1276 1582 (2)

293 1674 495 1738 nominando
510 1674 534 1737 il
547 1693 606 1737 suo
620 1692 693 1736 eroe
710 1672 772 1756 egli
791 1691 858 1736 non
876 1671 997 1754 adopta
1014 1673 1098 1735 altre
1114 1673 1304 1756 espressioni
1323 1675 1382 1738 che
1494 1693 1498 1700 ·

285 1779 363 1861 pius
385 1796 464 1857 rex,
490 1777 558 1842 dux
582 1778 755 1860 benignus,
782 1776 851 1841 dux
876 1777 1032 1855 eximius,
1058 1777 1194 1861 insignis
1211 1779 1365 1861 princeps
1372 1827 1381 1859 ,

287 1882 365 1965 pius
384 1880 574 1960 Federicus,
595 1900 615 1944 ο
636 1880 754 1954 simili,
779 1901 796 1944 e
816 1888 881 1944 cosi
903 1881 935 1944 lo
957 1880 1098 1944 descrive
1119 1881 1172 1944 nel
1188 1883 1294 1965 primo
1313 1903 1381 1947 mo·

237 2036 239 2040 .
293 1999 403 2050 mento
424 1985 482 2050 che
501 2005 536 2049 ce
556 1984 588 2048 lo
609 1999 754 2069 presenta
776 1986 811 2047 in
834 1986 959 2049 iscena:
1442 1970 1444 1974 ¹

446 2135 495 2188 Vir
506 2136 612 2203 pietate
628 2136 720 2203 vigens
735 2134 852 2203 nullique
867 2135 997 2188 secundus
1014 2135 1040 2187 in
1056 2135 1155 2201 armis,

441 2223 523 2275 Dives
537 2223 595 2275 avis
609 2237 755 2290 regumque
767 2237 852 2291 genus
867 2221 900 2274 de
916 2221 1047 2288 sanguine
1062 2221 1173 2286 ducens;

443 2308 496 2362 Cui
506 2309 641 2377 geminum
657 2324 751 2361 munus
766 2309 879 2361 dederat
895 2314 995 2360 natura
1012 2307 1136 2375 biformis

446 2395 483 2447 Ut
490 2394 579 2462 fortis
592 2393 748 2463 sapiensque
757 2395 850 2462 foret,
867 2393 1005 2446 mirandus
1021 2399 1182 2461 utroque...
1194 2394 1235 2462 (3)

294 2542 349 2607 Ma
369 2541 393 2606 il
412 2543 503 2605 buon
523 2539 735 2625 imperialista
756 2541 797 2604 ad
817 2540 895 2623 ogni
918 2560 1010 2623 passo
1035 2539 1121 2604 della
1147 2559 1206 2605 sua
1230 2561 1326 2627 opera
1351 2543 1380 2608 ci

295 2647 393 2714 rivela
410 2648 472 2712 ben
494 2646 576 2712 altra
596 2647 767 2731 ingenuit&
789 2664 806 2710 e
825 2644 1014 2710 schiettezza
1035 2646 1095 2710 che
1116 2665 1183 2709 non
1205 2645 1228 2710 il
1255 2647 1381 2712 Frisin-

293 2771 401 2838 gense.
425 2752 452 2817 E
473 2759 538 2816 cosi
555 2751 689 2836 quando
707 2751 749 2814 ha
767 2763 951 2814 raccontato
969 2749 993 2812 il
1010 2749 1169 2834 supplizio
1185 2750 1218 2813 di
1235 2751 1381 2816 Arnaldo

295 2857 358 2940 egli
379 2876 446 2921 non
468 2857 495 2921 si
514 2857 618 2941 perita
638 2868 742 2942 punto
764 2856 797 2920 di
819 2855 897 2920 farei
919 2855 1104 2936 intendere,
1132 2857 1266 2921 anziche
1290 2878 1382 2922 come

294 2961 406 3026 l'altro
426 2974 568 3040 tacerne,
591 2961 669 3045 qual
689 2973 779 3044 parte
800 2959 829 3024 v’
837 2960 916 3024 ebbe
936 2959 1178 3046 l’imperatore,
1202 2983 1219 3026 e
1240 2963 1381 3030 soltanto

295 3065 341 3150 gli
362 3065 510 3130 mendica
532 3063 669 3150 qualche
690 3083 782 3128 seusa
803 3064 854 3128 col
874 3083 966 3128 verso

500 3237 616 3291 doluisse
630 3237 714 3290 datur
727 3251 808 3305 super
824 3235 874 3290 hoc
889 3251 943 3290 rex
956 3250 1017 3289 sero
1034 3237 1172 3303 misertus,
1185 3239 1227 3306 (4)

295 3395 355 3461 che
374 3396 410 3460 in
431 3396 522 3460 buon
543 3394 679 3460 italiano
698 3395 908 3478 suonerebbe,
932 3395 1052 3460 dicono
1073 3395 1132 3460 che
1153 3396 1261 3480 gliene
1280 3397 1379 3480 dolse,

297 3521 349 3566 ma
369 3502 404 3566 fu
425 3514 539 3588 troppo
561 3500 669 3567 tardi.'

356 3710 383 3773 ll
404 3722 514 3774 nostro
534 3708 689 3774 anonimo
711 3728 778 3773 non
799 3708 833 3772 fu
855 3727 901 3772 un
923 3706 1102 3773 arnaldista
1127 3711 1168 3772 ne
1192 3720 1306 3792 poteva
1332 3728 1381 3774 es·

296 3814 389 3882 serlo,
413 3817 443 3910 ᾼ
468 3813 520 3877 chi
546 3829 657 3878 teneva
682 3833 739 3898 per
761 3814 784 3877 1’
796 3811 919 3898 impero
946 3832 1012 3876 non
1037 3825 1198 3898 potevano
1220 3813 1341 3878 andare
1361 3833 1381 3879 a

295 3939 418 4002 sangue
437 3917 448 3982 i
469 3918 586 3984 bollori
611 3916 833 4002 repubblicani
859 3917 893 3981 di
918 3917 1081 3997 Arnaldo,
1109 3938 1126 3982 e
1150 3932 1262 4005 questo
1287 3931 1381 4002 poeta
1428 3918 1434 3930 “

298 4045 364 4090 non
380 4027 421 4088 ha
437 4037 539 4108 punto
555 4022 758 4086 dissimulata
772 4023 802 4086 la
817 4043 875 4086 sua
890 4023 1112 4107 riprovazione
1124 4042 1179 4108 per
1193 4022 1223 4086 le
1238 4021 1382 4086 dottrine

295 4130 483 4197 dell'ardito
502 4133 678 4192 bresciano.
697 4127 853 4192 Tuttavia
869 4129 933 4212 egli
950 4134 1034 4193 resti>
1050 4127 1149 4212 lungi-
1161 4129 1214 4192 dal
1230 4127 1379 4213 parlarne

349 4411 389 4475 (ι)
406 4409 455 4460 Vd.
473 4420 596 4474 appresso
613 4423 654 4457 vv.
676 4404 802 4456 103-106.
932 4405 972 4468 (3)
990 4405 1038 4456 Vv.
1058 4403 1141 4471 57-59
1158 4404 1201 4456 del
1218 4403 1324 4457 Poema.

353 4495 392 4558 (2)
409 4493 441 4544 V.
462 4491 475 4543 3
493 4493 535 4542 del
554 4505 656 4560 poema.
935 4492 974 4556 (4)
991 4490 1041 4542 Vd.
1059 4505 1184 4560 appresso
1200 4508 1224 4541 v.
1241 4505 1302 4558 241.
