3756 5622
524 641 567 700 12
820 653 823 660 ·
934 623 978 704 E.
1005 621 1179 706 monaci
1275 667 1277 672 .

514 769 680 778 Ἣ

477 887 532 948 115
557 884 622 949 Hic
643 889 746 972 igitur
765 909 879 974 regem
901 889 1040 969 sumam
1061 889 1227 954 comitatus
1245 867 1386 959 euntem,

554 993 774 1058 otrmatornm
797 997 933 1079 equitum
956 1006 1093 1058 turmam
1115 992 1173 1057 sub
1193 1011 1271 1076 rege
1292 991 1432 1074 regebat.

556 1096 635 1160 Cum
656 1099 768 1182 quibus
787 1101 830 1164 ad
848 1098 960 1164 bellum
975 1115 1157 1183 properans
1177 1098 1231 1161 uir
1251 1099 1360 1162 clarus
1379 1096 1412 1160 in
1432 1095 1532 1159 armis

557 1199 603 1282 Ju
626 1203 743 1266 medias
763 1206 862 1284 acies,
883 1207 1021 1268 animosi
1039 1222 1126 1268 more
1146 1204 1260 1280 leonis,

551 1295 674 1368 Fertu'r
694 1320 727 1369 et
744 1309 900 1373 obstantes
915 1309 1026 1392 gladio
1039 1309 1219 1391 prosternit
1239 1316 1271 1369 et
1290 1311 1389 1370 hasta.

473 1423 532 1468 120
559 1396 659 1494 Quem
682 1410 842 1494 Ligurum
863 1414 1009 1476 comitata
1028 1416 1139 1476 cohors
1159 1411 1202 1494 (1)
1223 1411 1345 1474 deseuit
1363 1410 1396 1472 in
1409 1411 1519 1472 hostes

552 1513 770 1598 Exemploque
791 1517 879 1580 ducis
899 1516 1077 1580 cedentibus
1096 1518 1205 1580 acrius
1224 1517 1330 1578 instat.

555 1618 696 1682 Pellitur
715 1620 759 1682 ad
786 1621 920 1684 biberim
934 1620 1072 1704 fugiens
1095 1621 1245 1700 ‘Romana
1263 1621 1427 1698 iuuentus,

556 1724 622 1785 Sed
640 1745 758 1787 rursus
771 1731 952 1808 glomerata
971 1725 1072 1803 redit,·
1093 1745 1165 1788 nam
1179 1724 1276 1807 fama
1288 1743 1353 1807 per
1372 1724 1484 1788 urbem

550 1828 635 1890 Dira
656 1834 767 1892 uolans
780 1835 910 1912 pulsam
930 1829 1043 1892 retulit
1060 1832 1142 1892 male
1162 1827 1273 1892 cedere
1287 1827 1414 1911 plebem

473 1934 528 1995 125
552 1932 792 2018 Muxibumque
812 1935 884 1998 tulit
902 1952 1096 1998 concurrens
1112 1931 1155 2015 (2)
1176 1935 1313 2017 undique
1332 1931 1435 1998 turba.

549 2035 679 2100 ‘Bellum
702 2039 815 2122 ingens
836 2040 951 2102 iterum
973 2039 1154 2117 comittitur,
1175 2057 1293 2122 agmen
1313 2039 1460 2122 utrinque

551 2138 691 2216 Ceditur,
712 2152 748 2203 at
766 2161 885 2204 rursus
898 2143 1008 2224 plebes
1028 2154 1178 2224 superata
1190 2142 1344 2225 fingatur.

551 2243 746 2326 Jucumbuut
762 2249 913 2328 grauiter
935 2247 1076 2329 Ligures
1088 2236 1257 2330 jbrtesque
1279 2247 1463 2309 OAlamarmi

544 2349 589 2410 Et
602 2349 730 2431 feriunt
738 2346 752 2427 ,'
760 2351 920 2431 fiendum,
937 2352 1069 2432 capiunt
1089 2351 1283 2432 spoliantque
1293 2349 1447 2433 fugaces.

468 2449 524 2511 130
544 2450 688 2535 Denique
709 2454 851 2516 Romane
859 2453 1012 2536 fugienti
1023 2472 1162 2535 parcere
1181 2454 1267 2536 plebi

543 2556 703 2620 Militibus
722 2557 808 2620 iubet
825 2557 911 2622 baud
926 2560 969 2640 (ὃ)
991 2558 1083 2621 dubie
1104 2561 1207 2621 uictor
1226 2557 1436 2636 Fredericus‚

544 2663 674 2744 (vitque,
696 2664 767 2726 dato
785 2681 895 2745 signo,
916 2663 1033 2743 repetit
1050 2664 1199 2736 tentoria,
1214 2663 1330 2744 paucis

545 2765 708 2844 OAmissis,
729 2768 793 2828 alia
812 2776 861 2829 set
881 2768 987 2830 multis
1000 2778 1098 2850 parte
1115 2769 1158 2847 (4)
1179 2767 1320 2831 retentis.

543 2870 590 2932 Et
607 2870 687 2947 iam,
707 2873 783 2933 solis
802 2873 879 2954 equi
894 2873 996 2953 spatio
1016 2888 1176 2953 cursuque
1190 2880 1342 2952 peracto,

466 2973 520 3036 135
544 2974 726 3054 oiccpiunt
744 2976 885 3057 requiem
906 2976 1016 3052 simul,
1038 2984 1071 3035 et
1088 2995 1154 3036 nox
1173 2973 1301 3037 bumuia
1321 2976 1430 3058 surgit

551 3078 714 3161 Turbaque
733 3079 822 3160 fessa
841 3079 909 3141 suis
928 3079 1035 3161 reficit
1052 3097 1111 3140 sua
1132 3096 1268 3159 corpora
1286 3080 1413 3141 castris.

541 3181 683 3244 ‘Postera
702 3202 773 3245 cum
795 3184 893 3244 terris
912 3182 1060 3244 tenebras
1079 3200 1201 3245 aurora
1213 3183 1373 3264 firgarat,

545 3271 697 3348 Summus
709 3288 826 3367 presul
844 3285 934 3348 adest
953 3304 1129 3368 regemque
1150 3289 1313 3349 remittere
1335 3297 1443 3370 captos

343 3401 461 3452 Fotsov.
542 3389 604 3451 (bic
624 3386 742 3451 donare
762 3391 822 3452 sibi
836 3391 939 3472 poscit
953 3393 1072 3470 pietate
1093 3391 1259 3474 magistra.

357 3459 401 3504 cot
415 3472 435 3505 ¹'
462 3511 521 3574 140
550 3496 628 3557 Ttrm
648 3513 712 3556 rex
724 3495 906 3577 pontificem
927 3514 1086 3556 summum
1107 3506 1276 3562 veneratus
1294 3498 1428 3560 honorat

540 3599 743 3685 Exauditque
758 3617 875 3680 preces
889 3599 1037 3681 placicius
1056 3608 1222 3682 captosque
1243 3604 1372 3664 retaxat
1465 3603 1468 3607 ’

545 3705 710 3782 Romanos
730 3705 831 3779 ciues,
853 3723 930 3787 quos
949 3704 1026 3766 bello
1047 3715 1176 3784 ceperat
1194 3716 1284 3779 ante‚·

546 3808 630 3893 Jnde
645 3812 780 3891 plagam
802 3809 894 3870 motis
907 3810 1016 3889 placet
1034 3809 1119 3870 illam
1137 3810 1241 3870 uisere
1261 3809 1377 3871 castris

549 3913 845 3996 Vrbeque*dimissa
865 3911 1003 3993 confinia
1024 3911 1153 3986 circuit,
1174 3915 1255 3974 altas

463 4018 517 4096 145
544 4017 759 4100 Confringens
778 4027 897 4093 turres,
917 4034 996 4098 quas
1016 4017 1117 4078 incola
1128 4015 1259 4098 fecerat
1279 4016 1377 4096 urbis,

548 4123 589 4187 Vt
600 4124 754 4207 proprias
774 4123 867 4183 uillas
885 4121 934 4183 bis
947 4129 1057 4202 posset
1076 4119 1115 4183 ab
1135 4121 1220 4184 boste
1241 4123 1327 4184 tueri

516 4246 518 4250 ·
548 4232 658 4293 Tutius
676 4240 770 4312 atque
790 4227 863 4290 aliis
882 4235 1021 4308 caperet,
1038 4227 1070 4290 si
1085 4226 1209 4309 quaudo
1228 4243 1352 4293 nocere.

554 4445 675 4512 (1)C0d.
694 4445 781 4499 chors,
1135 4441 1175 4508 (3)
1192 4442 1258 4497 Cod.
1271 4444 1340 4496 aud.

560 4532 599 4604 (2)
616 4533 681 4584 Cod.
700 4545 849 4585 concursus.
1137 4531 1176 4596 (4)
1192 4530 1257 4580 Cod.
1268 4543 1361 4597 parce.
