3756 5622
539 646 585 720 14
950 630 994 705 E.
1022 630 1196 708 &lanosi

984 769 1163 779 *ψ-

573 879 707 964 Nocte²
729 872 792 962 die,
807 885 920 966 precio
934 883 1072 967 sumpto,
1093 885 1250 948 trutinare
1268 886 1415 967 forenses

577 985 785 1071 Officiumque
805 989 863 1051 alii
874 1001 1064 1072 postponere
1077 990 1288 1073 pontificatus.

573 1088 647 1150 Pro
667 1111 729 1175 quo
749 1093 961 1175 dampnandos
981 1092 1125 1158 censebat
1141 1093 1183 1174 (ι)
1207 1103 1307 1156 morte
1320 1093 1500 1176 perhenni,¹

578 1191 766 1279 Vnoquoque
786 1198 924 1260 homines
945 1198 1072 1260 uitiatos
1091 1199 1198 1262 ordine
1219 1208 1345 1260 cunctos

492 1295 547 1360 185
570 1298 747 1377 Firmabat,
768 1318 824 1363 nec
844 1321 954 1364 amare
975 1303 1066 1365 deum
1087 1321 1144 1365 nec
1164 1320 1272 1364 amare
1287 1301 1511 1384 propinquum.

568 1401 646 1464 Heu
668 1408 752 1466 mala
772 1405 916 1468 Romana
928 1407 1103 1488 presertim
1123 1409 1196 1469 sede
1216 1407 1343 1488 uigere,

576 1504 712 1587 Justicie
725 1511 874 1591 precium
895 1512 958 1572 iam
979 1511 1078 1574 Rome
1093 1512 1294 1593 preualuisse

568 1612 685 1696 eatque
706 1616 808 1675 locum
829 1614 910 1677 iuris
930 1614 1030 1676 Rome
1043 1617 1192 1697 precium
1212 1615 1389 1688 obtinuisse,

568 1715 612 1776 osi
632 1717 731 1798 capite
752 1718 784 1779 in
804 1736 921 1800 corpus
942 1719 1053 1780 uitium
1064 1719 1207 1798 fluxisse
1229 1719 1401 1804 malignum

489 1837 547 1902 190
572 1819 753 1905 Cunctaque
774 1821 915 1885 membra
933 1820 1025 1904 sequi
1040 1824 1185 1904 precium
1206 1839 1380 1905 munusque
1401 1821 1584 1904 benignum,

571 1923 687 1988 Omnia
707 1945 778 1988 eum
792 1927 904 2009 precio
916 1925 1012 2009 fieri,
1034 1924 1200 2010 diuinaque
1223 1925 1265 2007 (2)
1288 1925 1394 2004 uendi,
1468 1963 1475 1982 .

575 2028 669 2116 Qod
680 2032 793 2113 precio
812 2041 923 2095 careat
942 2030 1117 2118 despectum
1132 2050 1271 2113 prorsus
1289 2031 1406 2094 haberi.

564 2132 637 2199 Hoc
659 2145 731 2198 erat
749 2136 899 2198 cirnaldi
909 2134 1034 2217 famosi
1043 2134 1096 2216 (3)
1119 2136 1233 2217 dogma
1254 2135 1403 2217 magistri

568 2237 662 2312 Quod
681 2240 787 2302 multis
806 2240 965 2302 hominum
985 2243 1052 2302 sola
1072 2239 1209 2300 nouitate
1224 2236 1386 2320 placebat;

485 2343 538 2424 195
562 2342 635 2405 Hoc
654 2343 787 2424 Europa
806 2345 931 2426 quidem
945 2342 1064 2425 ficerat
1082 2345 1145 2405 iam
1166 2344 1310 2426 dogmate
1325 2346 1435 2424 plena,

560 2448 633 2511 Hoc
646 2450 777 2530 primus
796 2449 828 2510 in
842 2449 953 2530 patria
965 2445 1101 2528 fructus
1121 2449 1246 2530 collegit
1264 2445 1394 2509 acerbos

562 2551 818 2635 ‘Doctrinamque
840 2553 889 2613 tui
908 2553 1034 2628 luxisti,
1056 2549 1194 2628 OErixia,
1215 2551 1304 2614 ciuis.

560 2656 633 2718 Hoc
654 2657 749 2720 etiam
771 2675 924 2739 magnum
946 2655 1087 2719 turbauit
1108 2653 1335 2718 Mediolanum

562 2760 652 2845 Nee
674 2781 735 2824 non
756 2761 932 2834 Romanam
947 2760 1079 2843 facilem
1102 2779 1184 2822 noua
1203 2761 1333 2822 credere
1347 2759 1491 2841 plebem;

479 2882 538 2926 noo
558 2865 631 2928 Hoc
651 2865 837 2948 ubicumque
851 2865 924 2946 ficit
941 2864 1097 2927 conmouit
1115 2863 1322 2926 sedicionem:

559 2967 753 3051 Uecipielrat
771 2969 853 3030 enim
868 2971 1021 3050 populum
1043 2966 1101 3031 sub
1121 2968 1260 3049 imagine
1282 2966 1362 3031 ueri.

556 3071 655 3136 Hunc
676 3055 776 3136 uoluit
795 3081 844 3135 set
863 3091 924 3134 non
945 3072 1047 3133 ualuit
1066 3079 1250 3132 conuertere
1271 3087 1414 3132 summus

555 3176 679 3239 Pastor
700 3178 899 3260 apostolicus,
921 3175 1012 3238 dictis
1032 3176 1209 3258 monuitque
1230 3174 1374 3258 benignis

557 3280 673 3364 Sepius
693 3301 837 3345 errorem
859 3284 912 3343 uel
931 3281 1046 3364 dogma
1065 3283 1243 3365 relinquere
1256 3299 1407 3362 prauum.

475 3386 533 3448 205
561 3383 629 3468 Jlle
650 3397 754 3450 tamen
776 3387 883 3449 uerbis
903 3404 1071 3470 numquam
1094 3385 1231 3448 cessauit
1247 3385 1369 3447 amaris

356 3518 405 3565 1²01.
416 3519 444 3577 87
455 3534 473 3566 r.
558 3488 721 3572 Sugillare
744 3489 793 3572 (4).
802 3500 932 3572 patrem
954 3507 1011 3551 nec
1025 3508 1169 3571 prauum
1191 3486 1305 3571 dogma
1324 3489 1461 3572 reliquit.

377 3575 421 3619 ⁶⁰¹·
438 3587 456 3620 ¹·
559 3592 700 3678 Cumque
721 3594 753 3656 in
774 3595 914 3656 deterius
934 3594 1070 3654 monitus
1089 3593 1152 3654 iam
1171 3593 1278 3674 sepius
1298 3593 1361 3654 iret

560 3697 782 3782 Gauderetque
802 3718 895 3761 suam
916 3697 958 3778 (5)
974 3717 1039 3780 per
1059 3694 1210 3758 mundum
1230 3707 1374 3758 crescere
1387 3693 1526 3778 famam,

557 3803 653 3885 ‘Papa
674 3802 781 3865 dolens
793 3805 947 3884 populum
969 3801 1080 3864 uitiari
1098 3799 1242 3881 dogmate
1261 3797 1346 3880 falso

472 3923 535 3966 210
553 3906 599 3967 Et
611 3907 747 3988 ,cupiens
766 3906 871 3988 aliqua
891 3905 997 3968 morbo
1017 3906 1140 3968 ratione
1160 3904 1289 3983 mederi,

559 4008 617 4072 ‘De
634 4009 763 4092 gremio
784 4009 909 4088 matris,
929 4018 1080 4090 reputans
1098 4010 1292 4072 anathemate
1312 4006 1456 4092 dignum,

568 4269 608 4333 (ι)
624 4268 691 4320 Cod.
707 4268 848 4320 censselal.
1139 4268 1179 4332 (4)
1195 4265 1206 4316 ὶ
1214 4305 1327 4319 ........

486 4389 487 4392 κ
563 4355 602 4420 (a)
620 4355 686 4406 Cod.
703 4355 800 4405 diuina.
1134 4353 1174 4417 (5)
1191 4353 1255 4404 Cod.
1272 4367 1374 4403 sunam.

561 4441 600 4504 (3)
617 4441 681 4490 Cod.
693 4440 816 4504 somossl.
