3756 5622
332 2133 383 2185 Fot.
392 2139 421 2195 85
431 2151 452 2183 v·

356 2196 399 2242 col.
409 2207 428 2240 1.
461 2243 463 2246 ,

929 619 975 696 Ε.
999 619 1174 701 otono·

563 972 678 1034 [Questo
699 973 782 1028 breno
803 975 818 1028 it
853 980 995 1046 preceduto
1014 980 1058 1031 nel
1078 981 1174 1032 Poema
1194 982 1227 1033 de
1243 981 1303 1034 altri
1319 981 1373 1050 609
1389 982 1465 1034 versi.
1488 965 1600 1049 Equasi

510 1060 647 1125 superfluo
663 1061 683 1112 il
699 1073 790 1116 notare
817 1064 867 1116 che
884 1065 910 1118 io
928 1067 954 1118 lo
971 1067 1113 1134 riproduco
1129 1069 1209 1136 quale
1224 1069 1246 1120 si
1263 1070 1336 1136 legge
1347 1061 1393 1120 ‘nel
1410 1069 1498 1120 codice
1515 1083 1529 1118 e
1545 1067 1603 1119 solo

509 1145 549 1194 mi
565 1157 695 1214 permetto
711 1148 738 1199 di
770 1153 934 1218 correpgerlo
950 1153 977 1204 in
993 1154 1106 1222 qualche
1121 1169 1197 1222 passo
1213 1157 1281 1207 dove
1295 1157 1320 1206 la
1336 1155 1503 1207 restitucione
1518 1153 1597 1206 none

509 1245 588 1284 meno
612 1234 732 1286 evidente
757 1236 818 1286 dell’
825 1250 921 1289 errore.
941 1239 984 1296 Mu
999 1239 1058 1291 altri
1074 1241 1157 1291 errori
1172 1241 1198 1293 vi
1214 1253 1319 1312 restano
1333 1241 1376 1293 sui
1391 1241 1476 1309 quali,
1493 1242 1599 1292 almeno

509 1334 555 1386 per
571 1321 674 1384 adesso,
691 1321 771 1374 stimo
788 1325 916 1388 prudente
947 1325 974 1375 di
990 1340 1044 1376 non
1059 1325 1208 1390 fermarmi;
1228 1327 1255 1379 vi
1273 1338 1422 1379 tomeremo
1437 1340 1515 1393 sopra
1530 1328 1602 1393 dopo

510 1407 652 1472 compluto
664 1408 776 1460 l'esame
794 1409 947 1462 dell’intero
957 1421 1032 1474 testo,
1044 1426 1059 1461 e
1069 1412 1152 1462 ellora
1161 1412 1220 1464 sart
1231 1411 1300 1464 forse
1310 1412 1434 1479 possibile
1442 1411 1468 1462 di
1476 1410 1604 1462 determi-

507 1506 570 1544 nare
586 1494 670 1545 anche
686 1495 800 1562 qualche
829 1495 929 1548 lezione
949 1497 999 1548 che
1013 1498 1097 1550 finora
1117 1514 1170 1550 non
1187 1498 1225 1549 mi
1241 1498 1320 1550 riuscl
1335 1499 1363 1550 di
1379 1495 1504 1550 decifrare
1518 1511 1534 1546 e
1549 1495 1599 1546 che

509 1578 600 1644 percio
624 1580 672 1647 qui
692 1581 780 1633 debbo
802 1582 963 1648 tralesciare,
984 1584 1174 1636 costituendola
1199 1600 1249 1636 con
1268 1598 1322 1637 uns
1337 1585 1404 1635 serie
1418 1584 1446 1634 di
1461 1583 1546 1651 punti.
1562 1582 1599 1632 Le

507 1664 592 1730 poche
608 1675 670 1718 note
684 1666 735 1718 che
750 1683 838 1734 pongo
866 1683 882 1720 e
901 1668 944 1735 pie
960 1669 987 1720 di
1003 1669 1097 1741 pagine
1112 1669 1248 1738 preciseno
1264 1670 1272 1720 i
1288 1670 1360 1736 luogi
1375 1671 1444 1724 dove
1458 1667 1568 1722 correesi
1580 1683 1598 1719 ο

507 1764 561 1801 non
577 1751 651 1820 seppi
667 1751 794 1819 leggono]
1102 1749 1104 1756 '

624 2055 654 2120 N
660 2054 814 2118 TEREA
834 2057 1029 2121 Fredericus
1048 2056 1111 2120 iter
1129 2073 1222 2140 quem
1241 2066 1385 2138 ceperat,
1405 2055 1525 2138 implet,

552 2050 610 2314 Ι
629 2160 765 2225 Vrbibus
783 2179 821 2224 ac
834 2163 964 2245 populis
976 2163 1169 2245 peragratis
1187 2162 1298 2226 ordine
1317 2161 1434 2223 multis.

627 2263 769 2348 Cumque
782 2267 1019 2350 propinquaret
1040 2265 1221 2344 Romanam
1242 2270 1323 2330 letus
1342 2267 1386 2330 ad
1402 2265 1528 2342 urbem,

552 2366 715 2451 Nuntius
735 2369 876 2433 occurrit
897 2369 1044 2447 ‘Romane
1057 2371 1161 2452 plebis
1179 2369 1268 2432 eunti

507 2473 523 2533 5
551 2470 674 2534 Obuius
694 2471 739 2535 ad
755 2483 890 2536 montem
912 2472 966 2536 cui
976 2474 1112 2556 prebent
1128 2474 1252 2557 gaudia
1269 2489 1397 2550 nomen,

553 2575 671 2658 aitque
692 2575 736 2639 ibi
754 2574 879 2640 ductori
898 2575 941 2657 (ι)
964 2577 1104 2639 uenienti
1122 2577 1199 2638 talia
1210 2573 1325 2658 fatur:

551 2699 569 2734 c
592 2676 688 2741 Salue
709 2695 772 2761 rex
792 2680 985 2759 uenerande,
1007 2661 1060 2743 tuo
1079 2680 1123 2742 sit
1139 2680 1249 2763 gloria
1268 2697 1369 2761 regno
1375 2696 1387 2755 ‚·

549 2781 600 2845 Sit
618 2780 677 2845 tibi
695 2783 778 2863 uita,
798 2784 886 2845 salus
898 2799 1021 2866 perpes
1041 2781 1085 2865 (2)
1107 2782 1258 2862 uictoria,
1279 2783 1394 2846 uirtus.

541 2885 679 2949 Exultat
697 2886 741 2968 (3)
756 2890 896 2969 populus
918 2885 1104 2965 Romanus,
1125 2897 1155 2950 te
1176 2886 1337 2966 ueniente,

486 2989 594 3072 toffEt
605 2994 805 3074 prestolatur
825 2991 882 3054 tibi
899 2991 1064 3055 desereire
1076 2999 1225 3072 paratus.

546 3094 612 3159 Sed
623 3096 708 3177 petit
728 3103 764 3156 ut
784 3107 924 3158 ueterem
944 3111 1072 3172 seruos,
1094 3092 1162 3157 dux
1182 3094 1302 3172 inclite,
1322 3111 1462 3171 morem,·

484 3242 487 3249 -
546 3199 673 3262 Scilicet
692 3188 730 3260 ut
747 3199 837 3260 iures
857 3219 934 3262 mox
953 3198 1135 3260 intraturus
1150 3195 1194 3277 (4)
1217 3198 1250 3259 in
1270 3194 1381 3260 urbem

552 3303 594 3364 Te
613 3312 822 3366 seruaturum
837 3301 950 3384 populi
969 3301 1078 3380 decus,
1101 3300 1189 3363 urbis
1208 3303 1370 3381 honorem,

540 3405 624 3472 Jura
647 3407 846 3471 Senatorum.
867 3425 941 3468 nam
963 3406 1010 3468 sic
1030 3415 1122 3468 uettts
1142 3405 1246 3487 exigit
1266 3405 1357 3484 ordo,

486 3514 519 3576 15
544 3509 698 3575 Munera
711 3521 866 3594 preterea
889 3509 1036 3588 Romane
1057 3507 1161 3572 debita
1172 3509 1276 3592 plebi,

550 3613 619 3700 Que
640 3619 720 3679 solet
739 3615 912 3679 adueniens
930 3615 991 3676 huc
1004 3612 1150 3695 primum
1170 3631 1235 3676 rex
1254 3613 1331 3677 dare
1351 3622 1468 3694 noster,

542 3719 694 3783 Postulat
714 3729 751 3782 ut
770 3717 893 3782 tribues
912 3715 1018 3800 sicque
1039 3715 1234 3800 ingrediaris
1253 3717 1286 3778 in
1306 3717 1417 3782 urbem

540 3827 641 3889 Letus
662 3834 696 3888 ut
717 3825 854 3907 accipias
867 3825 975 3906 popolo
992 3821 1164 3904 gaudentis
1181 3822 1346 3902 honorem,

543 3930 781 4014 Seruitiumpue
801 3929 899 3992 simul
917 3946 1037 4007 mayus
1056 3945 1152 4010 quam
1171 3927 1346 4008 sumpseris
1365 3947 1523 4011 umquam.
1544 3949 1560 3986 u

479 4053 521 4098 20
544 4034 706 4112 Dixerat,
727 4043 763 4097 at
779 4050 878 4114 super
897 4032 938 4093 iis
958 4031 1095 4093 miratus
1113 4049 1177 4094 rex
1195 4031 1404 4111 Fredericus,

547 4137 730 4225 Respondet
751 4138 891 4202 breuiter
903 4135 1033 4218 placida
1051 4135 1099 4198 sic
1117 4153 1193 4200 uoce
1213 4139 1352 4214 locutus:

551 4441 590 4505 (ι)
608 4439 672 4491 Cod.
689 4436 788 4490 doctori.
1131 4432 1170 4500 (3)
1189 4434 1254 4486 Cod.
1272 4433 1389 4486 exultet.

548 4525 587 4594 (2)
605 4526 669 4577 Coi.
689 4526 739 4576 dut
757 4521 827 4576 volit
844 4521 966 4574 ulctorie.
1130 4522 1169 4587 (4)
1186 4520 1251 4572 Cod.
1270 4519 1417 4574 iuraturus.
