3756 5622
448 563 487 638 Il
498 563 738 637 Barbarossa
755 561 979 641 eotmallo
995 561 1044 636 da
1061 563 1218 638 Breseia
1328 566 1370 639 15

299 703 462 714 ,ιιι-..ιιι-

324 817 462 900 Expulit
480 819 610 880 ecclesia
629 815 670 898 (1)
692 816 849 880 doctorem
869 816 985 879 scisma
1006 815 1166 879 docentem
1184 818 1197 900 3

325 925 368 987 Et
384 923 493 1005 gladio
515 923 557 1003 (2)
580 920 719 984 medicus
739 921 840 984 secuit
859 921 1041 1002 languentia
1063 919 1172 984 doctus

324 1024 475 1103 Membra,
496 1029 605 1088 uolens
623 1026 780 1108 reliquum
802 1043 915 1106 eorpus
936 1025 1076 1086 retinere
1097 1028 1249 1088 salutem.

247 1133 302 1194 215
328 1129 393 1193 Sed
409 1149 465 1193 nec
485 1131 531 1192 sic
549 1129 647 1211 praui
664 1128 825 1191 cohibetur
845 1129 956 1210 lingua
977 1129 1146 1210 magistri,

332 1232 417 1318 Qin
436 1244 524 1297 serat
543 1252 687 1296 errorem
708 1233 846 1309 solitum,
867 1233 942 1315 quin
964 1231 1054 1295 dente
1078 1231 1219 1315 malano

324 1335 475 1400 Mordeat
492 1337 655 1399 ecclesiam
674 1336 850 1400 Romanam
873 1334 985 1421 durius
1005 1344 1099 1417 atque

331 1438 416 1524 Quin
437 1439 545 1503 doceat
556 1442 711 1521 populum
732 1438 855 1502 domiuo
876 1440 1040 1502 contraria
1060 1457 1152 1522 pape.

241 1549 248 1555 '
324 1543 389 1606 Hie
410 1544 512 1627 igitur
531 1544 607 1624 regi
624 1543 745 1606 delatus
765 1562 848 1606 nunc
868 1543 1054 1622 Frederico‚

246 1666 304 1710 220
330 1645 444 1729 Judice
458 1645 606 1728 prefecto
626 1646 777 1725 Romano,
800 1647 939 1708 uincitur
959 1648 1058 1712 illum.

326 1749 491 1834 Namque
512 1751 597 1812 iubet
614 1759 721 1812 rector
741 1769 869 1812 causam
891 1750 1071 1813 discernere
1100 1761 1216 1827 notam,

324 1855 585 1935 Dampuaturque
605 1871 663 1916 suo
684 1853 790 1916 doctor
804 1872 870 1935 pro
891 1853 1040 1936 dogmate
1064 1853 1185 1920 doceres.
1239 1905 1242 1914 ἡ

328 1958 384 2021 Set
404 1977 475 2020 cum
495 1957 682 2037 supplicium
702 1957 763 2019 sibi
781 1967 927 2020 cerneret
949 1959 1015 2039 ipse
1031 1960 1155 2039 parari

324 2062 370 2124 Et
388 2065 498 2144 laqueo
518 2061 629 2122 collum
641 2058 715 2141 fato
728 2071 924 2141 properante
945 2062 1062 2143 ligari,

248 2167 302 2227 225
334 2162 485 2248 Qesitus
497 2182 640 2244 prauum
660 2163 691 2226 si
709 2164 824 2246 dogma
844 2165 1025 2249 relinquere
1048 2168 1145 2229 uellet

327 2269 442 2353 otique
463 2286 540 2330 suas
558 2270 668 2349 culpas
687 2270 863 2348 sapientum
885 2287 972 2330 more
985 2268 1109 2350 fitteri,

329 2368 519 2453 Jntrepidus
529 2369 698 2453 fidensque
718 2371 783 2447 sui,
804 2371 946 2433 mirabile
969 2373 1066 2451 dictu,

328 2476 505 2557 Respondit
517 2459 688 2556 proprium
709 2474 771 2536 sibi
789 2475 904 2556 dogma
924 2474 1051 2539 salubre
1073 2476 1179 2538 uideri

327 2579 398 2643 Nec
418 2580 560 2644 dubitare
582 2595 688 2640 necem
703 2589 838 2659 propter
858 2599 918 2642 sua
939 2580 1021 2643 dicta
1043 2579 1161 2659 subire,

248 2686 306 2747 230
332 2681 378 2765 Jn
399 2684 509 2766 quibus
528 2680 702 2744 absurdum
723 2683 769 2744 nil
787 2693 871 2745 esset
890 2683 994 2766 nilque
1016 2686 1174 2751 nociuum.

330 2787 511 2872 Oroudique
531 2807 653 2851 moram
667 2788 760 2869 petiit
772 2805 837 2869 pro
858 2797 1165 2869 tempore‘paruam,

329 2892 436 2975 Nam
459 2891 583 2954 Christo
603 2893 712 2971 culpas
732 2891 807 2952 dicit
825 2907 859 2952 se
881 2892 960 2951 uelle
975 2891 1091 2972 fateri.
1229 2884 1232 2890 ’

335 2998 420 3059 Tune
435 2995 572 3078 genibus
582 2992 704 3073 flexis,
725 2994 824 3056 oeulis
843 2994 1046 3077 manibusque
1068 2996 1181 3059 leuatis

327 3100 394 3162 old
412 3103 525 3175 celum,
542 3098 669 3181 gemuit
688 3097 732 3178 (3)
753 3097 921 3177 suspirans
935 3107 1066 3178 pectore
1088 3098 1127 3161 ab
1149 3099 1211 3160 imo

248 3207 303 3268 235
326 3203 371 3267 Et
389 3204 458 3265 sine
479 3220 554 3265 uoce
575 3202 667 3264 deum
689 3203 832 3263 celestem
853 3210 955 3262 mente
975 3203 1121 3283 rogauit,

332 3306 409 3392 Jpsi
425 3307 611 3372 comendans
630 3305 787 3379 animam,·
802 3307 998 3387 paulumque
1019 3314 1162 3368 moratus

336 3412 445 3476 Tradit
464 3413 506 3474 ad
524 3411 687 3473 interilum
709 3427 825 3490 corpus
844 3412 982 3471 tolerare
996 3419 1136 3491 paratus

330 3517 525 3580 Constanter.
540 3532 659 3597 penam
680 3514 830 3576 lacrimas
843 3512 966 3594 fudere
989 3515 1149 3591 uidentes,

325 3623 470 3684 Lictores
490 3620 588 3682 eciam
601 3618 687 3682 mou·
699 3619 818 3698 pietate
833 3636 1030 3699 parumper3

249 3744 307 3805 240
334 3723 472 3786 Tandem
492 3739 664 3803 suspensus
684 3724 795 3804 laqueo
814 3721 968 3783 retinente
985 3721 1149 3804 pependit.

331 3827 388 3890 Set
406 3825 540 3888 doluisse
562 3823 655 3886 datur
674 3841 773 3905 super
792 3827 848 3887 hoc
867 3843 929 3887 rex
949 3844 1023 3887 sero
1043 3826 1201 3888 misertus.
1408 3836 1458 3882 1²01.
1469 3836 1521 3892 e7r.

327 3931 426 3993 Docte
447 3929 524 4013 quid
542 3928 694 3991 cirnalde
709 3927 852 4009 proficit
872 3929 914 4010 (4)
938 3929 1118 3992 litteramra
1422 3891 1497 3936 ‘⁰¹⁴'

338 4036 436 4097 Tanta
455 4031 534 4096 tibi?
555 4031 632 4117 quid
648 4041 694 4095 tot
711 4031 844 4111 ieiunia,
865 4042 969 4116 totque
990 4031 1138 4096 labores?

342 4373 383 4438 (1)
398 4372 464 4424 Cod.
481 4370 597 4424 ecclesie.
922 4370 962 4435 (3)
977 4370 1043 4422 Cod.
1058 4371 1161 4438 genuit.

340 4455 384 4522 (2)
399 4457 467 4509 Cod·
479 4456 580 4524 glacio.
925 4453 963 4521 (3)
979 4456 1046 4508 eod.
1056 4458 1174 4524 proficit.
