3756 5622
435 607 474 688 Il
484 611 724 688 Barbarossa
740 613 965 692 eotmaldo
981 614 1030 691 da
1047 614 1205 689 Brescie

279 747 325 763 flu·
706 756 885 766 ———-·-—

316 888 332 925 ι
357 865 481 930 Gaudia
500 867 642 932 Romano
657 873 774 951 populo
793 870 859 932 sint
878 869 981 934 dulcia
1000 887 1138 951 semper,

316 970 388 1034 Sint
405 971 542 1036 aduersa
555 975 673 1055 procul
684 992 826 1056 prorsus
845 973 941 1037 timor
959 974 1061 1036 omnis
1081 973 1197 1037 adesto.

316 1075 463 1154 ‘Romane
479 1078 589 1159 gentis
608 1076 704 1141 decus
723 1079 883 1142 inmutare
903 1081 957 1142 uel
975 1078 1066 1141 urbis

253 1180 290 1243 25
315 1179 409 1264 9)(οη
429 1182 530 1259 uenio,
551 1201 609 1246 nec
628 1183 702 1244 iura
716 1185 825 1264 placet
844 1185 965 1245 uiolare
985 1193 1136 1258 senatus,

311 1282 419 1348 cirione
439 1285 498 1350 sed
513 1287 641 1369 antiquo
660 1305 776 1370 regum
798 1287 940 1350 diadema
957 1286 1001 1367 (ι)
1022 1295 1184 1348 sacratum

312 1386 447 1452 Sumere
468 1400 501 1452 et
518 1390 701 1472 adpatruus
720 1391 811 1454 sedes
831 1411 902 1454 cum
916 1409 999 1473 pace
1019 1389 1137 1455 redire.

309 1489 398 1554 eidos
418 1505 522 1556 tamen
542 1496 600 1556 iste
622 1494 810 1578 mihiquem
831 1512 880 1556 me
901 1511 1036 1558 seruare
1057 1493 1201 1577 rogatis,
1292 1577 1294 1580 Ι

311 1595 428 1680 Nunc
447 1607 520 1660 erat
536 1599 681 1681 ignotus,
702 1616 759 1661 nec
778 1619 850 1662 sum
870 1599 980 1661 iurare
994 1607 1144 1680 paratus.

249 1700 287 1763 30
311 1699 448 1764 Consilia
460 1721 636 1784 procerum
657 1721 717 1787 que
730 1705 865 1786 poscitis
882 1703 925 1784 (2)
948 1705 1010 1767 istd
1031 1720 1185 1764 meorum.

314 1801 409 1890 Qod
424 1807 456 1868 si
472 1807 639 1884 seruierit,
653 1808 795 1889 populus
814 1807 890 1870 milri
910 1817 1011 1869 mente
1031 1805 1153 1868 sedebit

311 1907 510 1994 Seruilioque
530 1912 632 1974 uicem
653 1910 784 1974 reddam
805 1930 877 1974 cum
898 1919 1024 1992 tempus
1043 1907 1173 1973 habebit.
1196 1932 1210 1966 ι

309 2011 363 2075 Sic
382 2014 430 2074 ait
448 2023 482 2077 el
496 2013 659 2097 graditur,
679 2014 783 2078 turbis
803 2013 1024 2078 comitantibus
1044 2014 1156 2094 ipsum.

316 2115 358 2178 Vt
374 2134 452 2180 uero
471 2118 515 2182 ad
525 2128 656 2199 portam
676 2119 800 2184 tandem
814 2127 1014 2200 peruenerat
1035 2114 1139 2194 ortis,

247 2217 283 2282 35
313 2217 418 2305 Quam
436 2224 597 2285 struxisse
619 2221 714 2285 datur
726 2222 871 2305 pastoris
890 2239 971 2286 cura
991 2220 1121 2298 Leonis,

311 2321 461 2388 Occurrit
476 2325 519 2407 (3)
540 2324 697 2409 quondam
717 2325 908 2389 uenerabilis
927 2324 1005 2389 ordo
1024 2332 1154 2386 senatus

304 2425 502 2513 Magnaque
512 2449 596 2512 pars
609 2431 722 2512 populi
739 2447 852 2513 regem
872 2432 984 2493 iurare
998 2438 1154 2511 petentes.

305 2531 471 2616 Namque
492 2533 537 2616 ili
555 2533 697 2598 dicebant
716 2534 829 2597 delere
851 2553 895 2598 ex
916 2551 1003 2596 more
1026 2541 1150 2595 uetusto

274 2631 279 2644 '
307 2635 491 2715 &manum
511 2637 622 2702 iurare
644 2637 764 2717 ducem,
785 2659 857 2703 cum
878 2639 987 2701 uintat
1007 2637 1127 2716 urbem,

242 2757 283 2820 40
312 2737 353 2803 Vt
369 2751 478 2805 sumat
496 2740 639 2805 diadema
658 2762 796 2809 sacrum.
817 2743 902 2827 quod
921 2762 993 2806 cum
1013 2740 1208 2806 Fredericus

302 2844 434 2909 Minuit
451 2856 610 2929 augustus
628 2846 690 2928 (4),
710 2849 838 2910 turbata
858 2859 960 2911 mente
981 2846 1136 2911 recedunt
1226 2849 1227 2852 ’

301 2951 418 3034 <litque
438 2951 600 3014 minannur
620 2952 652 3014 ei
667 2953 754 3035 quod
771 2950 894 3015 eosdem
915 2950 1030 3014 sentiet
1046 2953 1159 3014 nostes.

304 3052 359 3116 Sic
377 3055 525 3133 humiles,
546 3053 578 3118 si
588 3053 679 3136 forte
701 3062 818 3138 negant
838 3055 961 3138 quesita
980 3053 1127 3135 superbis

302 3155 487 3236 Diuinlus,
507 3161 645 3221 tolerare
664 3160 767 3224 solent
784 3158 948 3222 maledicta
967 3157 1139 3241 minasque.

240 3260 278 3341 45
304 3259 371 3325 Sed
387 3280 449 3324 non
469 3263 620 3326 attonitus
639 3264 730 3327 dictis
749 3263 944 3328 Fredericus
963 3263 1101 3340 umoris,

305 3361 418 3445 Jntrac
435 3376 469 3429 et
485 3365 638 3431 audacter
652 3369 735 3450 petit
752 3369 855 3434 ardua
874 3371 989 3450 tempta
1009 3366 1095 3430 beati

300 3468 409 3548 Petri,
429 3471 579 3536 militzlrus
598 3475 721 3536 cunctis
738 3473 781 3557 (5)
802 3473 1020 3538 comitantibus
1040 3473 1156 3555 ipsum.

303 3570 454 3637 Summus
470 3576 513 3658 (6)
528 3581 646 3659 presul
663 3589 736 3642 erut
753 3577 952 3642 reuerendus
972 3588 1046 3642 tunc
1066 3574 1259 3657 oldrimus,

307 3675 365 3740 Vir
384 3677 508 3760 doctus,
528 3683 678 3761 clemens,
692 3683 856 3766 socundus
875 3684 938 3765 (7),
959 3681 1101 3746 moribus
1121 3684 1243 3766 ingens.

238 3781 276 3844 5ο
297 3779 364 3844 Hic
384 3782 487 3864 igitur
506 3803 619 3868 regem
632 3788 774 3869 felicitat
791 3788 1027 3866 aduenientem,

300 3883 455 3968 Suscipit,
476 3897 512 3950 ut
532 3909 598 3953 mos
617 3902 681 3968 est,
701 3891 746 3953 ud
762 3894 866 3955 sancti
883 3893 994 3957 limina
1015 3892 1058 3976 (8)
1081 3893 1181 3958 Petri

297 3989 344 4053 Et
360 3990 459 4054 simul
475 3991 508 4055 in
528 3997 676 4075 templum
697 3993 784 4058 ducit
802 4015 873 4060 cum
893 3996 1038 4061 lauduinus
1058 3999 1174 4082 nisum,

309 4251 350 4318 (1)
366 4249 432 4303 Cod.
448 4251 571 4305 diadcnu
891 4258 932 4323 (5)
948 4258 1014 4310 Cod.
1031 4259 1138 4312 conctis.

309 4339 350 4404 (2)
367 4337 432 4391 Cod.
444 4338 563 4406 possitis.
891 4343 932 4409 (6)
948 4344 1014 4396 Cod.
1031 4359 1129 4397 sumus,

309 4421 349 4488 (3)
365 4424 431 4476 Cod.
448 4424 559 4478 occurit.
853 4491 858 4504 ²
887 4429 926 4493 (7)
943 4429 1008 4480 Cod.
1020 4433 1162 4495 facondus.

312 4509 352 4576 (4)
368 4510 433 4562 cod.
451 4515 571 4580 agustus.
889 4511 929 4578 (8)
945 4514 1010 4566 coc.
1028 4499 1135 4572 untia.

1146 4637 1173 4678 ι*

1331 633 1355 711 9
