3756 5622
520 625 564 686 ιο
928 615 972 688 Ε.
999 611 1175 692 mtonaci

549 865 665 949 aitque
686 864 732 928 tbi
741 873 931 928 cunctanter
949 864 991 946 (1)
1014 863 1176 927 celebrans
1198 863 1240 946 (2)
1262 864 1415 928 solemnia
1436 883 1545 944 sacra,

547 969 703 1052 eAugustl
720 968 811 1051 regis
830 967 928 1049 capiti
948 966 1092 1030 diadema
1112 967 1248 1030 sacratis

488 1073 523 1137 55
551 1069 693 1156 Jmponit
714 1071 873 1148 manibus,
895 1071 1079 1134 benedicens
1100 1089 1188 1134 more
1203 1082 1352 1154 paterno.

551 1175 632 1253 ‘Rex
650 1176 745 1239 etiam
765 1175 894 1237 meritos
913 1176 982 1238 aris
1003 1176 1112 1238 indicit
1131 1180 1284 1254 honores,

548 1278 647 1342 ‘Ditia
667 1279 747 1342 dona
759 1279 876 1360 serens
895 1279 992 1341 simul
1009 1288 1042 1341 et
1057 1276 1205 1342 libamina
1226 1299 1350 1342 summa

552 1383 661 1469 Offert
672 1383 819 1467 pontifici
830 1403 895 1466 pro
914 1384 1035 1446 cunctis
1054 1385 1116 1446 rite
1138 1385 1252 1448 litanti.

557 1487 709 1565 Tandem,
724 1489 898 1570 propositis
918 1491 1078 1569 complens
1097 1488 1207 1551 ordine
1228 1489 1350 1566 sacris,
1414 1497 1420 1502 “

429 1641 433 1648 .
486 1594 526 1656 60
549 1591 665 1656 Castra
678 1595 761 1675 petit
781 1595 863 1654 letus
884 1591 927 1672 (3)
949 1599 1074 1672 sumpto
1097 1589 1274 1653 diademate
1299 1591 1421 1671 ductor,

547 1696 604 1759 Ex
623 1706 698 1759 tunc
717 1695 845 1778 imperii
862 1713 973 1759 nomen
994 1697 1150 1778 regnique
1169 1695 1352 1774 habiturus,

546 1799 765 1883 Apposittsque
786 1799 887 1881 epulis
897 1847 986 1864 .....
1009 1798 1052 1879 (4)
1073 1817 1132 1860 sua
1154 1817 1292 1880 corpora
1315 1811 1417 1866 curat.

547 1903 603 1965 cAt
625 1903 768 1968 Romana
784 1902 889 1985 graui
905 1902 1009 1984 plebes
1029 1902 1191 1965 stimulata
1206 1902 1347 1984 surore,

421 2083 423 2088 ι
546 2006 707 2088 Precipiti
724 2006 825 2087 raptis
846 2024 943 2068 cursu
964 2005 1031 2068 ruit
1053 2004 1189 2090 undique
1214 2009 1286 2069 telis

488 2111 525 2174 65
549 2109 856 2192 commutamnus,
878 2109 932 2172 ubi
950 2127 1014 2172 rex
1026 2109 1113 2192 sitit,
1135 2123 1271 2193 occupat
1287 2113 1383 2176 horas

553 2211 777 2296 Jrrumpitque
800 2213 843 2293 (5)
864 2211 983 2290 domos,
997 2212 1163 2296 frangens
1183 2215 1352 2293 obstacula,
1375 2221 1517 2296 clausas,

322 2345 329 2382 t
397 2391 401 2398 Ι
548 2316 595 2380 Et
612 2317 725 2400 spoliat
742 2334 951 2400 quoscumque
968 2319 1054 2380 ualet
1072 2318 1217 2398 reperire
1232 2319 1390 2401 fauentes

549 2420 709 2504 etiugusto
728 2421 817 2503 regi,
838 2423 959 2483 clerum
974 2422 1102 2504 pariter
1116 2423 1350 2508 popolumque,

553 2524 652 2590 Cordi
669 2526 769 2588 eciam
790 2527 893 2602 uales,
914 2525 970 2608 qui
989 2527 1080 2588 iuxta
1101 2529 1218 2608 templa
1237 2527 1323 2590 beati

488 2649 530 2712 70
554 2629 765 2695 Constiterant
787 2629 901 2706 Petri,
922 2631 1025 2693 sacris
1045 2631 1134 2694 modo
1153 2631 1393 2698 concelebratis.

355 2751 473 2801 tonsor.
561 2736 692 2800 Tollitur
711 2735 1013 2799 inmensus-clamor
1033 2746 1221 2820 resonatque
1244 2741 1406 2802 tumultus.

368 2808 443 2853 ⁶⁰¹'¹'
548 2840 605 2903 Fit
615 2839 714 2922 fingo.
736 2859 809 2901 nam
824 2840 939 2920 plures
951 2837 1093 2921 fugiunt
1111 2840 1155 2903 ad
1173 2841 1267 2922 regia
1288 2853 1412 2920 castro,

558 2941 627 3027 Qe
647 2962 708 3006 non
729 2945 821 3024 longe
842 2943 972 3004 aberant
992 2941 1035 3022 (6)
1058 2943 1120 3005 sita
1140 2943 1232 3006 iuxta
1262 2944 1397 3008 Tibridis
1417 2946 1544 3011 undam.

551 3046 627 3112 cAst
645 3046 700 3109 ubi
717 3049 845 3129 regales
860 3065 977 3123 ¹rumor
991 3048 1144 3128 peruenit
1162 3047 1206 3110 ad
1224 3067 1337 3128 aures,

489 3153 528 3236 75
553 3151 633 3229 Rex
648 3150 735 3212 iubet
752 3161 790 3212 ut
806 3151 942 3231 sumptis
961 3152 1080 3233 equites
1094 3153 1325 3234 properantius
1344 3155 1462 3234 armis,

553 3254 732 3318 oluxttium
752 3253 893 3316 tribuant
902 3253 1112 3336 fugientibus
1131 3275 1168 3318 ac
1188 3257 1332 3337 spoliatis

550 3358 596 3421 Et
614 3349 709 3421 nimis
727 3356 878 3420 audacem
899 3357 1079 3438 reprimant
1097 3359 1266 3422 luctamine
1281 3360 1420 3442 plebem.
1485 3414 1487 3419 .
1526 3375 1528 3384 ’

552 3460 648 3527 Mox
667 3462 772 3544 igitur
785 3472 943 3543 properat
961 3462 1046 3524 laxis
1066 3463 1223 3547 equitatus
1242 3465 1284 3544 ly)
1306 3464 1452 3543 habenis,

556 3565 670 3629 Currit
686 3576 719 3627 et
736 3566 802 3646 ipse
822 3566 920 3627 simul
937 3582 1001 3627 rex
1020 3566 1098 3629 bello
1111 3567 1222 3650 fortis¹
1236 3576 1269 3629 et
1289 3569 1401 3633 armis.

493 3673 533 3737 80
560 3669 647 3757 Qos
666 3670 811 3734 Romana
822 3669 944 3751 falanx
965 3670 1019 3732 ubi
1036 3672 1186 3752 conspicit
1206 3673 1448 3754 appropiantes,

554 3776 595 3839 Se
612 3779 774 3858 glomerat
793 3775 985 3858 retrahitque
1000 3774 1117 3857 pedem
1134 3777 1312 3858 perterrita
1333 3777 1375 3858 (8)
1391 3778 1553 3859 primum,

552 3878 649 3945 Mox
668 3892 773 3944 tamen
791 3877 985 3963 aggreditur
1005 3879 1102 3943 duros
1122 3881 1289 3946 uiolentius
1308 3883 1420 3946 hostes.

568 4157 608 4223 (1)
625 4156 690 4208 Cod.
700 4157 820 4207 cuntem.
1151 4155 1191 4222 (6)
1208 4156 1274 4208 Cod.
1292 4157 1431 4209 haberant.

568 4244 607 4310 (2)
625 4243 691 4295 Cod.
709 4241 863 4295 eellebrans.
1156 4243 1196 4309 (7)
1212 4243 1278 4294 Cod.
1295 4244 1429 4310 equitatis.

566 4328 606 4395 (3)
621 4328 687 4379 Cod.
705 4328 795 4379 letum.
859 4375 861 4382 ,
1150 4325 1190 4393 (8)
1206 4329 1271 4381 Cod.
1305 4330 1476 4397 retrahitque
1502 4333 1599 4398 pedem

567 4415 608 4481 (4)
624 4413 690 4465 Cod.
707 4412 803 4481 agr'hli.
1093 4415 1237 4481 preterita.

570 4499 615 4568 (5)
629 4499 696 4565 Coo.
713 4497 885 4567 lrwitque.
