3756 5622
435 591 473 668 Il
489 593 729 670 Barbarossa
744 594 969 670 ecArnaldo
985 595 1033 708 vvcta
1050 594 1205 671 Brescia
1319 621 1357 673 st

288 730 348 742 *a

255 827 278 916 4,
330 846 372 910 Ut
393 848 438 928 (1)
459 867 531 911 cunt
552 851 644 913 turba
665 851 743 914 duos
762 860 931 914 uenantum
953 847 1068 910 uiderit
1089 868 1182 912 ursos

300 1023 306 1038 ,
334 951 532 1016 olduentare
550 953 593 1036 (2)
609 958 728 1039 procul
745 956 782 1019 de
803 957 922 1018 summi
940 955 1060 1016 uertice
1079 955 1206 1033 montis,

267 1047 306 1118 85
335 1054 493 1119 Terretur
506 1059 649 1141 primum
670 1069 832 1143 cessatque
852 1060 965 1121 timore
978 1075 1176 1139 parumper‚·

325 1159 409 1222 Post
429 1163 569 1225 animato
588 1164 658 1226 ruit
675 1165 737 1226 lato
758 1163 911 1226 uenabula
922 1162 1022 1244 ferro

326 1261 562 1347 Perstringens
581 1265 726 1329 manibus
736 1267 936 1350 seruensque
956 1263 1100 1348 cupidine
1114 1266 1235 1347 prede,·

327 1365 381 1429 Sic
395 1369 503 1450 plebs,
524 1374 653 1454 regales
673 1371 802 1452 cupiens
821 1371 957 1452 spoliare
976 1380 1139 1447 cateruas,

326 1467 439 1550 Jrruit
458 1483 489 1534 et
503 1493 650 1556 pugnam
671 1476 812 1537 inmenso
832 1479 969 1537 clamore
989 1473 1132 1556 capescit.

264 1593 305 1657 90
329 1574 479 1641 Cominus
498 1581 544 1641 hii
553 1579 686 1661 ferunt,
707 1581 752 1644 hii
769 1581 887 1643 iactant
905 1581 1028 1642 eminus
1047 1582 1169 1657 uastas,

327 1680 490 1743 olrcubus
508 1683 554 1744 lcii
571 1685 670 1746 tensis
689 1686 815 1746 mittunt
829 1703 894 1767 per
914 1684 1006 1748 inane
1026 1683 1168 1766 sagittas.

325 1781 445 1847 Contra
473 1785 636 1849 Teutonici
646 1805 802 1869 proceres
822 1788 1022 1871 Liguresque
1035 1785 1168 1868 seroces

323 1885 456 1950 alerius
475 1889 664 1973 insurgunt,
677 1890 807 1974 s’eriunt
820 1893 1036 1974 populumque
1057 1878 1223 1971 repellunt.

324 1990 489 2057 Sternitur
508 2013 599 2058 omne
618 1998 720 2060 solum
740 1997 827 2074 telis,
847 2006 913 2058 tum
934 2005 1025 2059 scuta
1042 2011 1181 2076 saneque

263 2096 300 2176 95
325 2094 424 2159 ‘Dant
440 2099 576 2162 sonitum
596 2099 741 2180 aflictum
757 2100 800 2183 (3)
819 2102 930 2182 galee,
943 2116 1060 2181 pugna
1079 2113 1194 2177 aspera
1214 2096 1330 2178 surgit.

324 2199 405 2276 ‘luen
425 2201 618 2267 Fredericus
637 2221 716 2288 equo
737 2203 864 2266 uehitur
883 2202 1025 2265 sublimis
1045 2201 1077 2263 in
1097 2202 1160 2263 alto

325 2301 505 2390 Cunctaque
527 2307 570 2389 (4)
585 2308 785 2390 prospiciens
804 2317 901 2370 toturn
918 2306 1130 2369 ¹circumuolat
1148 2321 1273 2386 agmen

320 2405 410 2471 ‘Dux
430 2409 595 2474 Henricus
614 2410 705 2475 adest
722 2412 848 2475 iuuenis
866 2411 908 2491 (5)
923 2409 1092 2492 firrmosus
1112 2418 1144 2470 et
1162 2425 1246 2484 acer,
1266 2475 1268 2480 ,

220 2561 228 2568 .
322 2511 467 2594 Nobilis
487 2525 519 2577 et
538 2517 653 2593 clarus,
670 2514 780 2598 gladio
800 2515 986 2578 metuendus
1005 2523 1037 2576 et
1055 2517 1153 2576 hasta.

241 2633 298 2677 100
319 2613 418 2680 Hunc
438 2619 558 2702 equites
577 2619 651 2683 lecti
660 2618 802 2701 ficerunt
819 2629 894 2681 tiene
914 2619 998 2681 mille
1019 2617 1134 2695 secuti,

326 2717 415 2805 Qos
435 2726 631 2801 exhortatur,
652 2741 769 2787 acuens
788 2724 820 2785 in
838 2723 943 2806 prelia
963 2721 1067 2798 uires,

322 2820 463 2908 Jpseque
480 2829 581 2890 multo
592 2826 681 2910 sacit
692 2826 890 2910 perturbans
909 2825 1030 2888 acriter
1049 2826 1160 2887 hostes.
1175 2841 1176 2846 ¹

325 2925 406 3011 Quis
426 2948 597 2994 numerare
618 2941 713 3016 queat
731 2939 858 2995 cunctos
871 2947 935 3011 per
956 2929 1084 3010 singula
1103 2927 1204 2990 uictos

327 3028 529 3118 Victoresque
549 3035 669 3097 simul?
690 3036 762 3120 quis
781 3035 910 3117 singulo
930 3036 1065 3095 uulnera
1085 3027 1223 3094 narret?

242 3134 296 3194 105
323 3132 466 3218 Corpora
488 3141 586 3201 multa
606 3139 714 3202 uirum
727 3140 854 3222 passim
873 3131 1029 3201 ceduntur
1049 3136 1211 3217 utrinque,

330 3237 609 3327 Qatrupedesque
631 3246 747 3309 cadunt
758 3243 903 3327 perfossi
916 3252 1050 3324 pectora
1071 3238 1169 3301 multi.

318 3342 392 3409 Hoc
412 3358 515 3410 tamen
536 3349 568 3411 in
589 3349 667 3412 bello
687 3367 807 3432 nequeo
826 3337 964 3410 transire
984 3346 1114 3408 silenter

328 3448 386 3525 Te,
408 3450 565 3532 Ligorum
586 3450 758 3536 Marsrede
779 3454 889 3528 decus,
910 3468 1003 3534 quem
1017 3448 1125 3530 patris
1144 3444 1260 3528 auique

326 3549 502 3634 Nobilitas
522 3555 665 3636 decorat,
686 3558 783 3640 uigor
802 3555 913 3639 effert,
923 3553 1041 3635 forma
1060 3558 1224 3625 uenustat‚·

247 3671 305 3716 110
325 3654 414 3719 Huic
433 3656 475 3737 (6)
494 3659 646 3723 Albertus
664 3679 762 3738 auus,
787 3659 890 3742 Gorqo
903 3667 1010 3740 pater,
1030 3659 1113 3718 altus
1131 3661 1263 3734 uterque
1349 3721 1351 3726 ¹

313 3757 543 3845 *Egregiusque
564 3783 683 3843 comes,
696 3764 867 3848 formosus
889 3762 931 3842 (7)
953 3769 986 3822 et
1004 3777 1079 3822 acer
1099 3766 1248 3838 uterque;

318 3861 362 3924 Μ
383 3865 495 3948 quibus
517 3869 568 3931 liic
587 3872 680 3932 heres
698 3887 760 3932 non
780 3865 989 3951 degenerauit
1005 3881 1132 3940 eorum,

319 3968 425 4053 Nam
449 3974 561 4036 melior
583 3973 661 4037 bello
681 3977 735 4037 uel
752 3988 885 4055 corpore
897 3967 1064 4053 pulchrior
1082 3968 1164 4029 alter

319 4075 415 4160 ‘Non
425 4075 502 4158 fuit
522 4078 555 4140 in
576 4088 638 4141 tota
658 4077 820 4161 Ligurum
840 4074 975 4158 regione
993 4087 1135 4134 suorum.

329 4327 369 4393 (1)
385 4327 451 4378 Cod.
469 4327 516 4378 Et.
833 4359 835 4362 -
911 4322 953 4388 (5)
969 4321 1036 4373 Cod.
1053 4320 1153 4372 iuuene,

328 4416 370 4480 (ι)
386 4415 452 4467 Cod.
470 4415 619 4492 adventate.
911 4408 950 4472 (6)
968 4408 1033 4459 Cod.
1050 4406 1129 4457 Hinc.

329 4499 369 4564 (3)
385 4499 451 4550 Cod.
468 4498 571 4566 aflictu.
911 4493 951 4558 (7)
968 4492 1033 4544 Cod.
1044 4492 1207 4556 sormossus.

329 4585 370 4651 (4)
387 4586 451 4637 Cod.
473 4586 630 4651 Conctaque.
1283 4580 1286 4589 '
